@article{schollwock2011density,
  title={The density-matrix renormalization group in the age of matrix product states},
  author={Schollw{\"o}ck, Ulrich},
  journal={Annals of physics},
  volume={326},
  number={1},
  pages={96--192},
  year={2011},
  publisher={Elsevier}
}

@article{hauschild2018efficient,
  title={Efficient numerical simulations with tensor networks: Tensor Network Python (TeNPy)},
  author={Hauschild, Johannes and Pollmann, Frank},
  journal={SciPost Physics Lecture Notes},
  pages={005},
  year={2018}
}
@article{vidal2003efficient,
  title={Efficient classical simulation of slightly entangled quantum computations},
  author={Vidal, Guifr{\'e}},
  journal={Physical review letters},
  volume={91},
  number={14},
  pages={147902},
  year={2003},
  publisher={APS}
}

@article{haegeman2011time,
  title={Time-dependent variational principle for quantum lattices},
  author={Haegeman, Jutho and Cirac, J Ignacio and Osborne, Tobias J and Pi{\v{z}}orn, Iztok and Verschelde, Henri and Verstraete, Frank},
  journal={Physical review letters},
  volume={107},
  number={7},
  pages={070601},
  year={2011},
  publisher={APS}
}

@article{haegeman2016unifying,
  title={Unifying time evolution and optimization with matrix product states},
  author={Haegeman, Jutho and Lubich, Christian and Oseledets, Ivan and Vandereycken, Bart and Verstraete, Frank},
  journal={Physical Review B},
  volume={94},
  number={16},
  pages={165116},
  year={2016},
  publisher={APS}
}

@article{collura2015quantum,
  title={Quantum quench within the gapless phase of the spin- 1 2 Heisenberg XXZ spin chain},
  author={Collura, Mario and Calabrese, Pasquale and Essler, Fabian HL},
  journal={Physical Review B},
  volume={92},
  number={12},
  pages={125131},
  year={2015},
  publisher={APS}
}

@article{pirvu2010matrix,
  title={Matrix product operator representations},
  author={Pirvu, Bogdan and Murg, Valentin and Cirac, J Ignacio and Verstraete, Frank},
  journal={New Journal of Physics},
  volume={12},
  number={2},
  pages={025012},
  year={2010},
  publisher={IOP Publishing}
}

@article{vanderstraeten2019tangent,
  title={Tangent-space methods for uniform matrix product states},
  author={Vanderstraeten, Laurens and Haegeman, Jutho and Verstraete, Frank},
  journal={SciPost Physics Lecture Notes},
  pages={007},
  year={2019}
}

@article{fishman2020itensor,
  title={The ITensor software library for tensor network calculations},
  author={Fishman, Matthew and White, Steven R and Stoudenmire, E Miles},
  journal={arXiv preprint arXiv:2007.14822},
  volume={28},
  year={2020}
}

@article{pang2019critical,
  title={Critical Dynamics of Transverse-field Quantum Ising Model using Finite-Size Scaling and Matrix Product States},
  author={Pang, Sin Yang and Muniandy, Sithi Vinayakam and Kamali, Mohd Zahurin Mohamed},
  journal={International Journal of Theoretical Physics},
  volume={58},
  number={12},
  pages={4139--4151},
  year={2019},
  publisher={Springer}
}

@article{carleo2017solving,
  title={Solving the quantum many-body problem with artificial neural networks},
  author={Carleo, Giuseppe and Troyer, Matthias},
  journal={Science},
  volume={355},
  number={6325},
  pages={602--606},
  year={2017},
  publisher={American Association for the Advancement of Science}
}

@book{sachdev2011quantum,
  title={Quantum phase transitions},
  author={Sachdev, Subir},
  year={2011},
  publisher={Cambridge university press}
}

@article{papic2021weak,
  title={Weak ergodicity breaking through the lens of quantum entanglement},
  author={Papi{\'c}, Zlatko},
  journal={arXiv preprint arXiv:2108.03460},
  year={2021}
